<record><leader>00000cas a22000007a 4500</leader><controlfield tag="001">10005130</controlfield><controlfield tag="008">831012c19839999dcuer n      f0    0eng d</controlfield><datafield ind1=" " ind2=" " tag="010"><subfield code="a">sn 85017064 </subfield></datafield><datafield ind1=" " ind2=" " tag="040"><subfield code="a">ILU</subfield><subfield code="b">eng</subfield><subfield code="c">ILU</subfield><subfield code="d">NYG</subfield><subfield code="d">NST</subfield><subfield code="d">UKMGB</subfield><subfield code="d">OCLCQ</subfield><subfield code="d">OCLCO</subfield><subfield code="d">OCLCF</subfield><subfield code="d">OCLCO</subfield></datafield><datafield ind1=" " ind2=" " tag="012"><subfield code="i">8503</subfield></datafield><datafield ind1="7" ind2=" " tag="016"><subfield code="a">007861986</subfield><subfield code="2">Uk</subfield></datafield><datafield ind1="1" ind2=" " tag="029"><subfield code="a">AU@</subfield><subfield code="b">000025820308</subfield></datafield><datafield ind1=" " ind2=" " tag="037"><subfield code="b">Editorial Offices, 1617 Massachusetts Ave. N.W., Washington, DC 20036</subfield></datafield><datafield ind1=" " ind2=" " tag="042"><subfield code="a">msc</subfield></datafield><datafield ind1=" " ind2=" " tag="043"><subfield code="a">a-ph---</subfield></datafield><datafield ind1=" " ind2=" " tag="090"><subfield code="a">DS686.5</subfield><subfield code="b">.P54</subfield></datafield><datafield ind1=" " ind2=" " tag="092"><subfield code="a">915.9903405</subfield><subfield code="b">P552</subfield></datafield><datafield ind1="0" ind2=" " tag="130"><subfield code="a">Philippines today (Washington, D.C. : 1983)</subfield></datafield><datafield ind1="1" ind2="0" tag="245"><subfield code="a">Philippines today.</subfield></datafield><datafield ind1=" " ind2=" " tag="260"><subfield code="a">Washington, D.C. :</subfield><subfield code="b">Office of Media Affairs of the Government of the Republic of the Philippines,</subfield><subfield code="c">1983-</subfield></datafield><datafield ind1=" " ind2=" " tag="300"><subfield code="a">v. :</subfield><subfield code="b">ill. ;</subfield><subfield code="c">29 x 43 cm.</subfield></datafield><datafield ind1=" " ind2=" " tag="310"><subfield code="a">Biweekly</subfield></datafield><datafield ind1="0" ind2=" " tag="362"><subfield code="a">Vol. 1, no. 1 (Aug. 23, 1983)-</subfield></datafield><datafield ind1=" " ind2=" " tag="500"><subfield code="a">Title from caption.</subfield></datafield><datafield ind1=" " ind2=" " tag="506"><subfield code="a">"Circulation is controlled."</subfield></datafield><datafield ind1=" " ind2="0" tag="651"><subfield code="a">Philippines</subfield><subfield code="v">Periodicals.</subfield></datafield><datafield ind1=" " ind2="0" tag="651"><subfield code="a">Philippines</subfield><subfield code="x">History</subfield><subfield code="y">1946-</subfield><subfield code="v">Periodicals.</subfield></datafield><datafield ind1=" " ind2="7" tag="655"><subfield code="a">History.</subfield><subfield code="2">fast</subfield><subfield code="0">(OCoLC)fst01411628</subfield></datafield><datafield ind1=" " ind2="7" tag="655"><subfield code="a">Periodicals.</subfield><subfield code="2">fast</subfield><subfield code="0">(OCoLC)fst01411641</subfield></datafield><datafield ind1=" " ind2="7" tag="648"><subfield code="a">Since 1946</subfield><subfield code="2">fast</subfield></datafield><datafield ind1=" " ind2="7" tag="651"><subfield code="a">Philippines.</subfield><subfield code="2">fast</subfield><subfield code="0">(OCoLC)fst01205261</subfield></datafield><datafield ind1="1" ind2=" " tag="710"><subfield code="a">Philippines.</subfield><subfield code="b">Office of Media Affairs.</subfield></datafield><datafield ind1=" " ind2=" " tag="850"><subfield code="a">N</subfield><subfield code="a">NcU</subfield><subfield code="a">TxLT</subfield></datafield></record>